@article{guresen2011using,
	title={Using artificial neural network models in stock market index prediction},
	author={Guresen, Erkam and Kayakutlu, Gulgun and Daim, Tugrul U},
	journal={Expert Systems with Applications},
	volume={38},
	number={8},
	pages={10389--10397},
	year={2011},
	publisher={Elsevier}
}

@article{chang2009neural,
	title={A neural network with a case based dynamic window for stock trading prediction},
	author={Chang, Pei-Chann and Liu, Chen-Hao and Lin, Jun-Lin and Fan, Chin-Yuan and Ng, Celeste SP},
	journal={Expert Systems with Applications},
	volume={36},
	number={3},
	pages={6889--6898},
	year={2009},
	publisher={Elsevier}
}

@article{schoneburg1990stock,
	title={Stock price prediction using neural networks: A project report},
	author={Sch{\"o}neburg, Eberhard},
	journal={Neurocomputing},
	volume={2},
	number={1},
	pages={17--27},
	year={1990},
	publisher={Elsevier}
}

@article{op1997stock,
  title={Stock price prediction using neural networks},
  author={Op't Landt, Fleur W and others},
  year={1997}
}

@article{armstrong1992error,
  title={Error measures for generalizing about forecasting methods: Empirical comparisons},
  author={Armstrong, J Scott and Collopy, Fred},
  journal={International journal of forecasting},
  volume={8},
  number={1},
  pages={69--80},
  year={1992},
  publisher={Elsevier}
}

@article{majhi2009efficient,
  title={Efficient prediction of stock market indices using adaptive bacterial foraging optimization (ABFO) and BFO based techniques},
  author={Majhi, Ritanjali and Panda, Ganapati and Majhi, Babita and Sahoo, Gadadhar},
  journal={Expert Systems with Applications},
  volume={36},
  number={6},
  pages={10097--10104},
  year={2009},
  publisher={Elsevier}
}

@article{hadavandi2010integration,
  title={Integration of genetic fuzzy systems and artificial neural networks for stock price forecasting},
  author={Hadavandi, Esmaeil and Shavandi, Hassan and Ghanbari, Arash},
  journal={Knowledge-Based Systems},
  volume={23},
  number={8},
  pages={800--808},
  year={2010},
  publisher={Elsevier}
}

@inproceedings{hassan2005stock,
  title={Stock market forecasting using hidden Markov model: a new approach},
  author={Hassan, Md Rafiul and Nath, Baikunth},
  booktitle={Intelligent Systems Design and Applications, 2005. ISDA'05. Proceedings. 5th International Conference on},
  pages={192--196},
  year={2005},
  organization={IEEE}
}

@article{hassan2007fusion,
  title={A fusion model of HMM, ANN and GA for stock market forecasting},
  author={Hassan, Md Rafiul and Nath, Baikunth and Kirley, Michael},
  journal={Expert Systems with Applications},
  volume={33},
  number={1},
  pages={171--180},
  year={2007},
  publisher={Elsevier}
}

@article{hassan2009combination,
  title={A combination of hidden Markov model and fuzzy model for stock market forecasting},
  author={Hassan, Md Rafiul},
  journal={Neurocomputing},
  volume={72},
  number={16},
  pages={3439--3446},
  year={2009},
  publisher={Elsevier}
}

@book{wilder1978new,
  title={New Concepts in Technical Trading Systems},
  author={Wilder, J.W.},
  isbn={9780894590276},
  lccn={78060759},
  url={https://books.google.com/books?id=WesJAQAAMAAJ},
  year={1978},
  publisher={Trend Research}
}

@book{appel1985moving,
  title={The Moving Average Convergence-divergence Trading Method: Advanced Version},
  author={Appel, G.},
  url={https://books.google.com/books?id=DbHzAAAAMAAJ},
  year={1985},
  publisher={Scientific Investment Systems}
}

@book{appel2011technical,
  title={Technical Analysis: Power Tools for Active Investors},
  author={Appel, G.},
  isbn={9780132930048},
  url={https://books.google.com/books?id=b1ApuQAACAAJ},
  year={2011},
  publisher={Prentice Hall}
}

@incollection{zhai2007combining,
  title={Combining news and technical indicators in daily stock price trends prediction},
  author={Zhai, Yuzheng and Hsu, Arthur and Halgamuge, Saman K},
  booktitle={Advances in Neural Networks--ISNN 2007},
  pages={1087--1096},
  year={2007},
  publisher={Springer}
}